<?xml version="1.0" encoding="UTF-8"?><collection xmlns="http://www.loc.gov/MARC21/slim"><record><leader>00498nam--2200181-i-4500</leader><controlfield tag="001">000009385</controlfield><controlfield tag="002">20161230</controlfield><controlfield tag="005">20170117000532</controlfield><controlfield tag="008">060222s1000------------r-----000-0-eng-d</controlfield><datafield ind1=" " ind2=" " tag="080"><subfield code="a">539.126</subfield></datafield><datafield ind1=" " ind2=" " tag="100"><subfield code="a">Achasov, N. N</subfield></datafield><datafield ind1=" " ind2=" " tag="245"><subfield code="a">Influence of - mixing on the spin density matrix of - meson in the reactions n n andn</subfield></datafield><datafield ind1=" " ind2=" " tag="260"><subfield code="a">Novosibirsk</subfield><subfield code="b">Institute For Mathematics</subfield><subfield code="c">1970</subfield></datafield><datafield ind1=" " ind2=" " tag="300"><subfield code="a">10 p</subfield></datafield><datafield ind1=" " ind2=" " tag="490"><subfield code="a">57</subfield></datafield><datafield ind1=" " ind2=" " tag="700"><subfield code="a">Shestakov, G. N</subfield></datafield><datafield ind1=" " ind2=" " tag="852"><subfield code="a">33353</subfield></datafield><datafield ind1=" " ind2=" " tag="CAT"><subfield code="a">SYS</subfield><subfield code="c">20170117</subfield><subfield code="h">000532</subfield></datafield></record></collection>